%% LaTeX2e file `references.bib'
%% generated by the `filecontents' environment
%% from source `progressReport' on 2015/12/06.
%%

